<?xml version="1.0" encoding="UTF-8"?>
<collection xmlns:xsi="http://www.w3.org/2001/XMLSchema-instance" xsi:schemaLocation="http://www.loc.gov/MARC21/slim http://www.loc.gov/standards/marcxml/schema/MARC21slim.xsd" xmlns="http://www.loc.gov/MARC21/slim">
<record>
  <leader>01988cam a2200385 a 4500</leader>
  <controlfield tag="001">2872209</controlfield>
  <controlfield tag="003">NNC</controlfield>
  <controlfield tag="005">20140126214654.0</controlfield>
  <controlfield tag="008">870515m19599999ir h     b    000 0 ara  </controlfield>
  <datafield tag="010" ind1=" " ind2=" ">
    <subfield code="a">   72225620 </subfield>
  </datafield>
  <datafield tag="035" ind1=" " ind2=" ">
    <subfield code="a">(OCoLC)16139677</subfield>
  </datafield>
  <datafield tag="035" ind1=" " ind2=" ">
    <subfield code="a">(OCoLC)ocm16139677</subfield>
  </datafield>
  <datafield tag="035" ind1=" " ind2=" ">
    <subfield code="9">ASA6800CU</subfield>
  </datafield>
  <datafield tag="035" ind1=" " ind2=" ">
    <subfield code="a">(NNC)2872209</subfield>
  </datafield>
  <datafield tag="035" ind1=" " ind2=" ">
    <subfield code="a">2872209</subfield>
  </datafield>
  <datafield tag="040" ind1=" " ind2=" ">
    <subfield code="c">NN</subfield>
    <subfield code="d">NN</subfield>
    <subfield code="d">CtY</subfield>
  </datafield>
  <datafield tag="050" ind1="0" ind2=" ">
    <subfield code="a">BP130.4.T338</subfield>
    <subfield code="b">T3</subfield>
  </datafield>
  <datafield tag="066" ind1=" " ind2=" ">
    <subfield code="c">(3</subfield>
  </datafield>
  <datafield tag="100" ind1="1" ind2=" ">
    <subfield code="6">880-01</subfield>
    <subfield code="a">Qazwīnī, Muḥammad Ḥusayn ibn Ṭāhir,</subfield>
    <subfield code="d">active 17th century.</subfield>
  </datafield>
  <datafield tag="245" ind1="1" ind2="0">
    <subfield code="6">880-02</subfield>
    <subfield code="a">Sharḥ shawāhid Majmaʻ al-bayān /</subfield>
    <subfield code="c">li-Muḥammad Ḥusayn ibn Ṭāhir al-Qazwīnī ; ṣaḥḥaḥahu wa-ʻallaqa ʻalayhi Kāẓim al-Mūsāwī al-Mayāmawī.</subfield>
  </datafield>
  <datafield tag="260" ind1=" " ind2=" ">
    <subfield code="6">880-03</subfield>
    <subfield code="a">Ṭihrān :</subfield>
    <subfield code="b">Dār al-Kutub al-Islāmīyah,</subfield>
    <subfield code="c">1338-     [1959 or 1960-</subfield>
  </datafield>
  <datafield tag="300" ind1=" " ind2=" ">
    <subfield code="a">v. :</subfield>
    <subfield code="b">facsims. ;</subfield>
    <subfield code="c">25 cm.</subfield>
  </datafield>
  <datafield tag="500" ind1=" " ind2=" ">
    <subfield code="a">A commentary on Majmaʻ al-bayān by al-Faḍl ibn al-Ḥasan al-Ṭabarsī.</subfield>
  </datafield>
  <datafield tag="504" ind1=" " ind2=" ">
    <subfield code="a">Includes bibliographical references.</subfield>
  </datafield>
  <datafield tag="600" ind1="1" ind2="0">
    <subfield code="a">Ṭabarsī, al-Faḍl ibn al-Ḥasan,</subfield>
    <subfield code="d">-1153.</subfield>
    <subfield code="t">Majmaʻ al-bayān fī tafsīr al-Qurʼān.</subfield>
  </datafield>
  <datafield tag="630" ind1="0" ind2="0">
    <subfield code="a">Qurʼan</subfield>
    <subfield code="v">Commentaries</subfield>
    <subfield code="v">Early works to 1800.</subfield>
  </datafield>
  <datafield tag="700" ind1="1" ind2="2">
    <subfield code="6">880-04</subfield>
    <subfield code="a">Ṭabarsī, al-Faḍl ibn al-Ḥasan,</subfield>
    <subfield code="d">-1153.</subfield>
    <subfield code="t">Majmaʻ al-bayān fī tafsīr al-Qurʼān.</subfield>
  </datafield>
  <datafield tag="700" ind1="1" ind2=" ">
    <subfield code="6">880-05</subfield>
    <subfield code="a">Mayāmawī, Kāẓim al-Mus̄awī.</subfield>
  </datafield>
  <datafield tag="880" ind1="1" ind2=" ">
    <subfield code="6">100-01/(3/r</subfield>
    <subfield code="a">قزويني، محمد حسين بن طاهر,</subfield>
    <subfield code="d">active 17th century.</subfield>
  </datafield>
  <datafield tag="880" ind1="1" ind2="0">
    <subfield code="6">245-02/(3/r</subfield>
    <subfield code="a">شرح شواهد مجمع البيان /</subfield>
    <subfield code="c">لمحمد حسين بن طاهر القزويني ؛ صححه وعلق عليه كاظم الموسوي المياموي.</subfield>
  </datafield>
  <datafield tag="880" ind1=" " ind2=" ">
    <subfield code="6">260-03/(3/r</subfield>
    <subfield code="a">طهران :</subfield>
    <subfield code="b">دار الكتب الإسلامية،</subfield>
    <subfield code="c">1338- [1959 أو 1960-</subfield>
  </datafield>
  <datafield tag="880" ind1="1" ind2="2">
    <subfield code="6">700-04/(3/r</subfield>
    <subfield code="a">طبرسي، الفضل بن الحسن،</subfield>
    <subfield code="d">-1153.</subfield>
    <subfield code="t">مجمع البيان في تفسير القرآن.</subfield>
  </datafield>
  <datafield tag="880" ind1="1" ind2=" ">
    <subfield code="6">700-05/(3/r</subfield>
    <subfield code="a">مياموي، كاظم الموسوي.</subfield>
  </datafield>
  <datafield tag="955" ind1=" " ind2=" ">
    <subfield code="b">0036758671</subfield>
    <subfield code="d">glx</subfield>
    <subfield code="e">BP130.4.T338 T3</subfield>
    <subfield code="v">v.1-2</subfield>
  </datafield>
</record>
</collection>